@book{Python08,
        author = "Farid Hajji",
        title = "Das Python Praxisbuch - Der große Profi-Leitfaden für Programmierer",
        year = "2008"
}
